@online{sample,
  author = {TU Dortmund},
  title = {Versuch V504 Thermische Elektronenemission},
  url = {http://129.217.224.2/HOMEPAGE/PHYSIKER/BACHELOR/AP/SKRIPT/V504.pdf},
  urldate = {2016-06-20}
}


@online{web,
  author = {Formel-Sammlung.de},
  title = {Austrittsarbeit von Elektronen aus Metallen},
  url = {http://www.formel-sammlung.de/formel-Austrittsarbeit-von-Elektronen-aus-Metallen-3-25-134.html},
  urldate = {2016-06-20}
}
