@manual{skript,
  author = {TU Dortmund},
  title = {Versuch 355 Gekoppelte Schwingkreise},
  year = 2015
}
