@online{sample1,
  author = {TU Dortmund},
  title = {Versuch 501 Ablenkung eines Elektronenstrahls im elektrischen Feld},
  url = {http://129.217.224.2/HOMEPAGE/PHYSIKER/BACHELOR/AP/SKRIPT/V501.pdf},
  urldate = {2016-06-27}
}

@online{sample2,
  author = {TU Dortmund},
  title = {Versuch 502 Ablenkung eines Elektronenstrahls im transversalen Magnetfeld},
  url = {http://129.217.224.2/HOMEPAGE/PHYSIKER/BACHELOR/AP/SKRIPT/V502.pdf},
  urldate = {2016-06-27}
}

@online{em,
  author = {Universität Göttingen},
  title = {Bestimmung der spezifischen Elektronenladung e/m},
  url = {https://lp.uni-goettingen.de/get/text/1545},
  urldate = {2016-06-27}
}

@online{erde,
  author = {GFZ-Potsdam},
  title = {Häufig gestellte Fragen zum Thema Erdmagnetismus},
  url = {http://www.gfz-potsdam.de/magservice/faq/},
  urldate = {2016-06-27}
}
