@manual{sample,
  author = {TU Dortmund},
  title = {Skript zum Versuch Nr.107 Das Kugelfall-Viskosimeter nach Höppler},
  year = 2016
}

@online{reykrit,
  title = {Die Lösung eines alten Rätsels: Der kritische Punkt der Rohrströmung},
  url = {https://www.mpg.de/4804411/Rohrstroemung_kritische_Punkt},
  urldate = {2016-01-03}
}

@online{rey,
title = {Viskosität und Reynaoldszahlen},
url = {http://www.uni-oldenburg.de/fileadmin/user_upload/physik/ag/physikpraktika/download/GPR/pdf/Viskositaet.pdf },
urldate = {2016-01-03}
}

@online{wasser,
author = {Wasser-Wisser},
title = {Viskosität},
url = {http://www.wasser-wissen.de/abwasserlexikon/v/viskositaet.htm},
urldate = {2016-01-31}
}
