@online{skript,
  author = {TU Dortmund},
  title = {Versuch V353},
  url = {http://129.217.224.2/HOMEPAGE/PHYSIKER/BACHELOR/AP/SKRIPT/V353.pdf},
  urldate = {2016-01-25}
}
