@manual{sample,
  author = {TU Dortmund},
  title = {Versuch 201 Das Doulong-Petitsche Gesetz},
  year = 2016
}

@online{ck,
  title = {Liste der spezifischen Wärmekapazitäten},
  url = {http://www.chemie.de/lexikon/Liste_der_spezifischen_W%C3%A4rmekapazit%C3%A4ten.html},
  urldate = {2016-01-09}
}
