@online{sample,
  author = {TU Dortmund},
  title = {Versuch 704 Absorption von $γ$- und $β$-Strahlung },
  url = {http://129.217.224.2/HOMEPAGE/PHYSIKER/BACHELOR/AP/SKRIPT/V704.pdf},
  urldate = {2016-05-02}
}

@online{chemiecu,
  author = {Chemie.de},
  title = {Kupfer},
  url = {http://www.chemie.de/lexikon/Kupfer.html},
  urldate = {2016-05-30}
}

@online{chemiepb,
  author = {Chemie.de},
  title = {Blei},
  url = {http://www.chemie.de/lexikon/Blei.html},
  urldate = {2016-05-30}
}

@online{chemieal,
  author = {Chemie.de},
  title = {Aluminium},
  url = {http://www.chemie.de/lexikon/Aluminium.html},
  urldate = {2016-05-30}
}
