@online{sample,
  author = {TU Dortmund},
  title = {Versuch 605 Alkali-Spektren},
  url = {http://129.217.224.2/HOMEPAGE/PHYSIKER/BACHELOR/AP/SKRIPT/V605.pdf},
  urldate = {2016-04-25}
}
