@online{sample,
  author = {TU Dortmund},
  title = {Versuch 408 Geometrische Optik},
  url = {http://129.217.224.2/HOMEPAGE/PHYSIKER/BACHELOR/AP/SKRIPT/V704.pdf},
  urldate = {2016-05-02}
}
