@online{sample,
  author = {TU Dortmund},
  title = {Versuch V301 Elektrische Br√ºckenschaltungen},
  url = {http://129.217.224.2/HOMEPAGE/PHYSIKER/BACHELOR/AP/SKRIPT/V302.pdf},
  urldate = {2016-02-01}
}
