@online{sample,
  author = {TU Dortmund},
  title = {Versuch 406 Beugung am Spalt},
  url = {http://129.217.224.2/HOMEPAGE/PHYSIKER/BACHELOR/AP/SKRIPT/V406.pdf},
  urldate = {2016-06-05}
}
