@online{sample,
  author = {TU Dortmund},
  title = {Versuch 311 Hall-Effekt},
  url = {http://129.217.224.2/HOMEPAGE/PHYSIKER/BACHELOR/AP/SKRIPT/V311.pdf},
  urldate = {2016-05-17}
}
@online{zink,
  author = {Formel-Sammlung.de},
  title = {Hall-Konstante und Austrittsarbeit von Elektronen aus Metallen},
  url = {http://www.formel-sammlung.de/physik/wertetabellen/hall-konstante_austrittsarbeit.htm},
  urldate = {2016-06-12}
}

@online{wolfram,
  author = {Brandenburgische Technische Universit√§t},
  title = {Hall-Effekt},
  url = {http://www.hs-lausitz.de/fileadmin/user_upload/public/fak/fak2/pdf/Physiklabor/F01_Hall-Effekt.pdf},
  urldate = {2016-06-12}
}
