@manual{skript,
  author = {TU Dortmund},
  title = {Versuch zum Doppler-Effekt},
  year = 2014
}
