@manual{sample,
  author = {TU Dortmund},
  title = {Versuch 203 Verdampfungsw√§rme und Dampfdruck-Kurve},
  year = 2016
}

@online{L,
  title = {Eigenschaften von Wasser in Tabellen},
  url = {http://www.wissenschaft-technik-ethik.de/wasser_eigenschaften.html},
  urldate = {2016-01-18}
}
