@manual{skript,
  author ={TU Dortmund},
  title ={Skript zum Versuch Nr.101 Das Tr√§gheitsmomente},
  year = 2015
}
