@manual{sample,
  author = {TU Dortmund},
  title = {Versuch zum Literaturverzeichnis},
  year = 2014
}


@online{L,
  title = {Wärmeleitfähigkeit - Metalle},
  url = {http://www.schweizer-fn.de/stoff/wleit_metall/wleit_metall.php},
  urldate = {2016-01-22}
}
